% This file was created with JabRef 2.10.
% Encoding: UTF8


@Manual{Data07,
  Title                    = {USE - A UML based SpeciÔ¨Åcation Environment},
  Author                   = {Database Systems Group, Bremen University},
  Month                    = {May},
  Year                     = {2007},

  Owner                    = {Jano},
  Timestamp                = {2016.01.27},
  Url                      = {http://www.db.informatik.uni-bremen.de/projects/USE/use-documentation.pdf}
}

@Article{Use07,
  Title                    = {USE: A UML-based specification environment for validating UML and OCL},
  Author                   = {Martin Gogolla, Fabian Buttner, Mark Richters},
  Year                     = {2007},

  Owner                    = {Jano},
  Timestamp                = {2016.01.27}
}

@MastersThesis{SilvaMasterThesis,
  Title                    = {Model-Driven Generative Programming for BIS Mobile Applications},
  Author                   = {L. da Silva},
  School                   = {ISCTE IUL University of Lisbon},
  Year                     = {2014},

  Owner                    = {franziska},
  Timestamp                = {2015.12.11}
}

@Book{Smith98,
  Title                    = {The Book},
  Author                   = {J. Smith},
  Publisher                = {The publishing company},
  Year                     = {1998},

  Address                  = {London},
  Edition                  = {2nd}
}

